@article{Corff2018OPTIMIZINGTC,
  title   = {Optimizing thermal comfort and energy consumption in a large building without renovation works},
  author  = {Le Corff, Sylvain  and Alain Champagne and Maurice Charbit and Gilles Noziere and Eric Moulines},
  journal = {2018 IEEE Data Science Workshop (DSW)},
  year    = {2018},
  pages   = {41-45}
}

@article{igel:hansen:roth:2007,
  author  = {Igel, C. and Hansen, N. and Roth, S.},
  title   = {Covariance matrix adaptation for multi-objective optimization},
  journal = {Evolutionary Computation},
  year    = {2007},
  pages   = {1-28},
  volume  = {11}
}

@article{zhao2016occupant,
  title     = {Occupant-oriented mixed-mode {E}nergy{P}lus predictive control simulation},
  author    = {Zhao, Jie and Lam, Khee Poh and Ydstie, B Erik and Loftness, Vivian},
  journal   = {Energy and Buildings},
  volume    = {117},
  pages     = {362--371},
  year      = {2016},
  publisher = {Elsevier}
}

@article{shabunko2018energyplus,
  title     = {Energy{P}lus models for the benchmarking of residential buildings in {B}runei {D}arussalam},
  author    = {Shabunko, V and Lim, CM and Mathew, S},
  journal   = {Energy and Buildings},
  volume    = {169},
  pages     = {507--516},
  year      = {2018},
  publisher = {Elsevier}
}

% Metamodel
@article{Simpson2001MetamodelsFC,
  title   = {Metamodels for Computer-based Engineering Design: Survey and recommendations},
  author  = {Timothy W. Simpson and J. D. Poplinski and P. N. Koch and J. K. Allen},
  journal = {Engineering with Computers},
  year    = {2001},
  volume  = {17},
  pages   = {129-150}
}

@inproceedings{Wang2006ReviewOM,
  title     = {Review of Metamodeling Techniques in Support of Engineering Design Optimization},
  author    = {G. Gary Wang and Songqing Shan},
  booktitle = {DAC 2006},
  year      = {2006}
}

@inproceedings{Papadrakakis2002ReliabilitybasedSO,
  title  = {Reliability-based structural optimization using neural networks and Monte Carlo simulation},
  author = {Manolis Papadrakakis and Nikos D. Lagaros},
  year   = {2002}
}

@article{Tripathy2018DeepUL,
  title   = {Deep UQ: Learning deep neural network surrogate models for high dimensional uncertainty quantification},
  author  = {Rohit Tripathy and Ilias Bilionis},
  journal = {ArXiv},
  year    = {2018},
  volume  = {abs/1802.00850}
}

@article{Jia2015SurrogateMF,
  title   = {Surrogate modeling for peak or time-dependent storm surge prediction over an extended coastal region using an existing database of synthetic storms},
  author  = {Gaofeng Jia and Alexandros A. Taflanidis and Norberto C. Nadal-Caraballo and Jeffrey A. Melby and Andrew B. Kennedy and Jane McKee Smith},
  journal = {Natural Hazards},
  year    = {2015},
  volume  = {81},
  pages   = {909-938}
}

@inproceedings{Eisenhower2012AMF,
  title  = {A methodology for meta-model based optimization in building energy models},
  author = {Bryan Eisenhower and Zheng O'Neill and Satish Narayanan and Vladimir A. Fonoberov and Igor Mezi'c},
  year   = {2012}
}

@article{Mara2008ApplicationOG,
  title   = {Application of global sensitivity analysis of model output to building thermal simulations},
  author  = {Thierry Alex Mara and Stefano Tarantola},
  journal = {Building Simulation},
  year    = {2008},
  volume  = {1},
  pages   = {290-302}
}

@article{Gelder2014ComparativeSO,
  title   = {Comparative study of metamodelling techniques in building energy simulation: Guidelines for practitioners},
  author  = {Liesje Van Gelder and Payel Das and Hans Janssen and Staf Roels},
  journal = {Simul. Model. Pract. Theory},
  year    = {2014},
  volume  = {49},
  pages   = {245-257}
}

@inproceedings{Eisenhower2011RESEARCHAU,
  title  = {RESEARCH ARTICLE Uncertainty and Sensitivity Decomposition of Building Energy Models},
  author = {Bryan Eisenhower and Zheng O'Neill and Vladimir A. Fonoberov and Igor Mezic},
  year   = {2011}
}

% Transformer
@inproceedings{Vaswani2017AttentionIA,
  title     = {Attention is All you Need},
  author    = {Ashish Vaswani and Noam Shazeer and Niki Parmar and Jakob Uszkoreit and Llion Jones and Aidan N. Gomez and Lukasz Kaiser and Illia Polosukhin},
  booktitle = {NIPS},
  year      = {2017}
}

@inproceedings{Luong2015EffectiveAT,
  title     = {Effective Approaches to Attention-based Neural Machine Translation},
  author    = {Thang Luong and Hieu Pham and Christopher D. Manning},
  booktitle = {EMNLP},
  year      = {2015}
}

@article{Tsai2019TransformerDA,
  title   = {Transformer Dissection: An Unified Understanding for Transformer's Attention via the Lens of Kernel},
  author  = {Yao-Hung Tsai and Shaojie Bai and Makoto Yamada and Louis-Philippe Morency and Ruslan Salakhutdinov},
  journal = {ArXiv},
  year    = {2019},
  volume  = {abs/1908.11775}
}

% Encoder-Decoder
@article{Cho2014LearningPR,
  title   = {Learning Phrase Representations using RNN Encoder-Decoder for Statistical Machine Translation},
  author  = {Kyunghyun Cho and Bart van Merrienboer and Çaglar G{\"u}lçehre and Dzmitry Bahdanau and Fethi Bougares and Holger Schwenk and Yoshua Bengio},
  journal = {ArXiv},
  year    = {2014},
  volume  = {abs/1406.1078}
}

@article{Bahdanau2014NeuralMT,
  title   = {Neural Machine Translation by Jointly Learning to Align and Translate},
  author  = {Dzmitry Bahdanau and Kyunghyun Cho and Yoshua Bengio},
  journal = {CoRR},
  year    = {2014},
  volume  = {abs/1409.0473}
}

% Attention
@inproceedings{Parikh2016ADA,
  title     = {A Decomposable Attention Model for Natural Language Inference},
  author    = {Ankur P. Parikh and Oscar T{\"a}ckstr{\"o}m and Dipanjan Das and Jakob Uszkoreit},
  booktitle = {EMNLP},
  year      = {2016}
}

@article{Zhu2019AnES,
  title   = {An Empirical Study of Spatial Attention Mechanisms in Deep Networks},
  author  = {Xizhou Zhu and Dazhi Cheng and Zheng Zhang and Stephen Lin and Jifeng Dai},
  journal = {ArXiv},
  year    = {2019},
  volume  = {abs/1904.05873}
}

@inproceedings{Cheng2016LongSM,
  title     = {Long Short-Term Memory-Networks for Machine Reading},
  author    = {Jianpeng Cheng and Li Dong and Mirella Lapata},
  booktitle = {EMNLP},
  year      = {2016}
}


@inproceedings{Yang2019ConvolutionalSN,
  title     = {Convolutional Self-Attention Networks},
  author    = {Baosong Yang and Longyue Wang and Derek F. Wong and Lidia S. Chao and Zhaopeng Tu},
  booktitle = {NAACL-HLT},
  year      = {2019}
}

% Calibration
@article{Hansen2016TheCE,
  title   = {The CMA Evolution Strategy: A Tutorial},
  author  = {Nikolaus Hansen},
  journal = {ArXiv},
  year    = {2016},
  volume  = {abs/1604.00772}
}

@inproceedings{Deb2000AFE,
  title     = {A Fast Elitist Non-dominated Sorting Genetic Algorithm for Multi-objective Optimisation: NSGA-II},
  author    = {Kalyanmoy Deb and Samir Agrawal and Amrit Pratap and T. Meyarivan},
  booktitle = {PPSN},
  year      = {2000}
}

@article{Hochreiter1997LongSM,
  title   = {Long Short-Term Memory},
  author  = {Sepp Hochreiter and J{\"u}rgen Schmidhuber},
  journal = {Neural Computation},
  year    = {1997},
  volume  = {9},
  pages   = {1735-1780}
}

@inproceedings{Zhao2012ARO,
  title  = {A review on the prediction of building energy consumption},
  author = {Hai‐Xiang Zhao and Fr{\'e}d{\'e}ric Magoul{\`e}s},
  year   = {2012}
}

@article{Li2020ASO,
  title   = {A state of the art review on the prediction of building energy consumption using data-driven technique and evolutionary algorithms},
  author  = {Kangji Li and Wenping Xue and Gang Tan and Anthony Denzer},
  journal = {Building Services Engineering Research \& Technology},
  year    = {2020},
  volume  = {41},
  pages   = {108 - 127}
}

@inproceedings{Bre2020AnEM,
  title  = {An efficient metamodel-based method to carry out multi-objective building performance optimizations},
  author = {Facundo Bre and Nadia D. Roman and V{\'i}ctor D. Fachinotti},
  year   = {2020}
}

@inproceedings{Magnier2010MultiobjectiveOO,
  title  = {Multiobjective optimization of building design using TRNSYS simulations, genetic algorithm, and Artificial Neural Network},
  author = {Laurent Magnier and Fariborz Haghighat},
  year   = {2010}
}

@inproceedings{Ascione2017ArtificialNN,
  title  = {Artificial neural networks to predict energy performance and retrofit scenarios for any member of a building category: A novel approach},
  author = {Fabrizio Ascione and Nicola Bianco and Claudio De Stasio and Gerardo Maria Mauro and Giuseppe Peter Vanoli},
  year   = {2017}
}

@inproceedings{Ashrae1992ThermalEC,
  title  = {Thermal Environmental Conditions for Human Occupancy},
  author = {Standard Ashrae},
  year   = {1992}
}

@inproceedings{Bre2016ResidentialBD,
  title  = {Residential building design optimisation using sensitivity analysis and genetic algorithm},
  author = {Facundo Bre and Arthur Santos Silva and Enedir Ghisi and V{\'i}ctor D Fachinotti},
  year   = {2016}
}

@inproceedings{stergrd2018ACO,
  title  = {A comparison of six metamodeling techniques applied to building performance simulations},
  author = {Torben {\O}sterg{\aa}rd and Rasmus Jensen and Steffen Maagaard},
  year   = {2018}
}

@inproceedings{Reynolds2018AZB,
  title  = {A zone-level, building energy optimisation combining an artificial neural network, a genetic algorithm, and model predictive control},
  author = {Jonathan Reynolds and Yacine Rezgui and Alan Kwan and Sol{\`e}ne Piriou},
  year   = {2018}
}

@inproceedings{Westermann2019SurrogateMF,
  title  = {Surrogate modelling for sustainable building design – A review},
  author = {Paul Westermann and Ralph Evins},
  year   = {2019}
}

@inproceedings{Lopes2018DevelopmentOA,
  title  = {Development of a Metamodel to Predict Cooling Energy Consumption of HVAC Systems in Office Buildings in Different Climates},
  author = {Mauricio Nath Lopes and Roberto Lamberts},
  year   = {2018}
}

@inproceedings{Yuan2017AMM,
  title  = {A Meta Model Based Bayesian Approach for Building Energy Models Calibration},
  author = {Jun Yuan and Victor Nian and Bin Su},
  year   = {2017}
}

@inproceedings{FerreiroCabello2018MetamodelbasedDO,
  title  = {Metamodel-based design optimization of structural one-way slabs based on deep learning neural networks to reduce environmental impact},
  author = {Javier Ferreiro-Cabello and Esteban Fraile-Garcia and Eduardo Mart{\'i}nez de Pis{\'o}n Ascacibar and Francisco Javier Martinez-de-Pison},
  year   = {2018}
}

@article{roman2020application,
  title     = {Application and characterization of metamodels based on artificial neural networks for building performance simulation: a systematic review},
  author    = {Roman, Nadia D and Bre, Facundo and Fachinotti, Victor D and Lamberts, Roberto},
  journal   = {Energy and Buildings},
  pages     = {109972},
  year      = {2020},
  publisher = {Elsevier}
}

@inproceedings{Nagpal2019AMF,
  title  = {A methodology for auto-calibrating urban building energy models using surrogate modeling techniques},
  author = {Shreshth Nagpal and Caitlin Tobin Mueller and Arfa N. Aijazi and Christoph F. Reinhart},
  year   = {2019}
}

@inproceedings{Coakley2014ARO,
  title  = {A review of methods to match building energy simulation models to measured data},
  author = {Daniel Coakley and Paul Raftery and Marcus M. Keane},
  year   = {2014}
}

@inproceedings{Fabrizio2015MethodologiesAA,
  title  = {Methodologies and Advancements in the Calibration of Building Energy Models},
  author = {Enrico Fabrizio and Valentina Monetti},
  year   = {2015}
}

@inproceedings{Aird2016APPLICATIONOA,
  title  = {APPLICATION OF AN OPTIMISATION APPROACH FOR THE CALIBRATION 1 OF HIGH-FIDELITY BUILDING ENERGY MODELS TO SUPPORT MODEL-2 PREDICTIVE CONTROL ( MPC ) OF HVAC SYSTEMS},
  author = {Gordon Aird and Daniel Coakley and Ruth Kerrigan},
  year   = {2016}
}

@inproceedings{Chen2017AutomaticGA,
  title  = {Automatic generation and simulation of urban building energy models based on city datasets for city-scale building retrofit analysis},
  author = {Yixing Chen and Tianzhen Hong and Mary Ann Piette},
  year   = {2017}
}

@inproceedings{Weng2019RNNbasedFO,
  title  = {RNN-based forecasting of indoor temperature in a naturally ventilated residential building},
  author = {Kui Weng and Monjur Mourshed},
  year   = {2019}
}

@article{Georgiou2018ImplementingAN,
  title   = {Implementing artificial neural networks in energy building applications — A review},
  author  = {Giorgos S. Georgiou and Paul Christodoulides and Soteris A. Kalogirou},
  journal = {2018 IEEE International Energy Conference (ENERGYCON)},
  year    = {2018},
  pages   = {1-6}
}

% Latin hypercube sampling
@inproceedings{McKay2000ACO,
  title  = {A comparison of three methods for selecting values of input variables in the analysis of output from a computer code},
  author = {Michael D. McKay and Richard J. Beckman and W. J. Conover},
  year   = {2000}
}

@article{Mozer1989AFB,
  title   = {A Focused Backpropagation Algorithm for Temporal Pattern Recognition},
  author  = {Michael C. Mozer},
  journal = {Complex Systems},
  year    = {1989},
  volume  = {3}
}

@article{Bengio1994LearningLD,
  title   = {Learning long-term dependencies with gradient descent is difficult},
  author  = {Yoshua Bengio and Patrice Y. Simard and Paolo Frasconi},
  journal = {IEEE transactions on neural networks},
  year    = {1994},
  volume  = {5 2},
  pages   = {157-66}
}

@inproceedings{Krizhevsky2012ImageNetCW,
  title     = {ImageNet Classification with Deep Convolutional Neural Networks},
  author    = {Alex Krizhevsky and Ilya Sutskever and Geoffrey E. Hinton},
  booktitle = {NIPS},
  year      = {2012}
}

@inproceedings{Kim2016CharacterAwareNL,
  title     = {Character-Aware Neural Language Models},
  author    = {Yoon Kim and Yacine Jernite and David A Sontag and Alexander M. Rush},
  booktitle = {AAAI},
  year      = {2016}
}

@article{Jzefowicz2016ExploringTL,
  title   = {Exploring the Limits of Language Modeling},
  author  = {Rafal J{\'o}zefowicz and Oriol Vinyals and Mike Schuster and Noam Shazeer and Yonghui Wu},
  journal = {ArXiv},
  year    = {2016},
  volume  = {abs/1602.02410}
}

@article{Oord2016WaveNetAG,
  title   = {WaveNet: A Generative Model for Raw Audio},
  author  = {A{\"a}ron van den Oord and Sander Dieleman and Heiga Zen and Karen Simonyan and Oriol Vinyals and Alex Graves and Nal Kalchbrenner and Andrew W. Senior and Koray Kavukcuoglu},
  journal = {ArXiv},
  year    = {2016},
  volume  = {abs/1609.03499}
}

@article{Oord2017ParallelWF,
  title   = {Parallel WaveNet: Fast High-Fidelity Speech Synthesis},
  author  = {A{\"a}ron van den Oord and Yazhe Li and Igor Babuschkin and Karen Simonyan and Oriol Vinyals and Koray Kavukcuoglu and George van den Driessche and Edward Lockhart and Luis C. Cobo and Florian Stimberg and Norman Casagrande and Dominik Grewe and Seb Noury and Sander Dieleman and Erich Elsen and Nal Kalchbrenner and Heiga Zen and Alex Graves and Helen King and Tom Walters and Dan Belov and Demis Hassabis},
  journal = {ArXiv},
  year    = {2017},
  volume  = {abs/1711.10433}
}

@article{Kingma2015AdamAM,
  title   = {Adam: A Method for Stochastic Optimization},
  author  = {Diederik P. Kingma and Jimmy Ba},
  journal = {CoRR},
  year    = {2015},
  volume  = {abs/1412.6980}
}